@article{sriramprakash2017,
    author = {Sriramprakash, Senthil and Prasanna, Vadana D. and Murthy, OV Ramana},
    title = {Stress detection in working people},
    journal = {Procedia Computer Science},
    volume = {115},
    year = {2017},
    pages = {359--366},
}

@article{kafkova2024,
    author = {Kafková, Júlia and others},
    title = {A New Era in Stress Monitoring: A Review of Embedded Devices and Tools for Detecting Stress in the Workplace},
    journal = {Electronics},
    volume = {13},
    number = {19},
    year = {2024},
    pages = {3899},
}

@article{liu2024,
    author = {Liu, Feng and others},
    title = {Artificial intelligence in mental health: Innovations brought by artificial intelligence techniques in stress detection and interventions of building resilience},
    journal = {Current Opinion in Behavioral Sciences},
    volume = {60},
    year = {2024},
    pages = {101452},
}

@article{sebastiao2024,
    author = {Sebastião, Rita and Neto, David Dias},
    title = {Stress and mental health: The role of emotional schemas and psychological flexibility in the context of COVID-19},
    journal = {Journal of Contextual Behavioral Science},
    volume = {32},
    year = {2024},
    pages = {100736},
}

@article{aristizabal2021,
    author = {Aristizabal, Sara and others},
    title = {The feasibility of wearable and self-report stress detection measures in a semi-controlled lab environment},
    journal = {IEEE Access},
    volume = {9},
    year = {2021},
    pages = {102053--102068},
}

@inproceedings{chyan2022,
    author = {Chyan, Phie and others},
    title = {A deep learning approach for stress detection through speech with audio feature analysis},
    booktitle = {6th International Conference on Information Technology, Information Systems and Electrical Engineering (ICITISEE)},
    year = {2022},
    organization = {IEEE},
    pages = {100--110},
}

@article{yoon2020,
    author = {Yoon, S. and others},
    title = {Text-based stress detection using semantic analysis},
    journal = {Journal of Computational Linguistics},
    year = {2020},
}

@inproceedings{singh2019,
    author = {Singh, Praveen and others},
    title = {Social signal processing for evaluating conversations using emotion analysis and sentiment detection},
    booktitle = {2019 Second International Conference on Advanced Computational and Communication Paradigms (ICACCP)},
    year = {2019},
    organization = {IEEE},
}
@article{razavi2024,
    author = {Razavi, Moein and others},
    title = {Machine learning, deep learning, and data preprocessing techniques for detecting, predicting, and monitoring stress and stress-related mental disorders: Scoping review},
    journal = {JMIR Mental Health},
    volume = {11},
    year = {2024},
    pages = {e53714},
}

@article{yao2021,
    author = {Yao, Yiqun and others},
    title = {Muser: Multimodal stress detection using emotion recognition as an auxiliary task},
    journal = {arXiv preprint},
    volume = {arXiv:2105.08146},
    year = {2021},
}

@inproceedings{hilmy2021,
    author = {Hilmy, Muhammad Syazani Hafiy and others},
    title = {Stress classification based on speech analysis of MFCC feature via Machine Learning},
    booktitle = {2021 8th International Conference on Computer and Communication Engineering (ICCCE)},
    organization = {IEEE},
    year = {2021},
}

@article{shen2024,
    author = {Shen, Guobin and others},
    title = {StressPrompt: Does Stress Impact Large Language Models and Human Performance Similarly?},
    journal = {arXiv preprint},
    volume = {arXiv:2409.17167},
    year = {2024},
}

@article{teye2022,
    author = {Teye, Martha T. and others},
    title = {Evaluation of conversational agents: understanding culture, context and environment in emotion detection},
    journal = {IEEE Access},
    volume = {10},
    year = {2022},
    pages = {24976--24984},
}

@article{kush2025,
    author = {Kush, Joseph C.},
    title = {Integrating Sensor Technologies with Conversational AI: Enhancing Context-Sensitive Interaction Through Real-Time Data Fusion},
    journal = {Sensors},
    volume = {25},
    number = {1},
    year = {2025},
    pages = {249},
}

@article{sriramprakash2017,
    author = {Sriramprakash, Senthil and Prasanna, Vadana D. and Murthy, OV Ramana},
    title = {Stress detection in working people},
    journal = {Procedia Computer Science},
    volume = {115},
    year = {2017},
    pages = {359--366},
}

@article{machaek2023,
    author = {Machaek, Dominik and Raj Dabre and Ondrej Bojar},
    title = {Turning whisper into real-time transcription system},
    journal = {arXiv preprint},
    volume = {arXiv:2307.14743},
    year = {2023},
}

@inproceedings{pillai2024,
    author = {Pillai, Mukesh and Pallavi Thakur},
    title = {Developing a Website to Analyze and Validate Projects Using LangChain and Streamlit},
    booktitle = {2024 2nd International Conference on Intelligent Data Communication Technologies and Internet of Things (IDCIoT)},
    organization = {IEEE},
    year = {2024},
}

@article{relan2019,
  author = {Relan, John and Others},
  title = {Title of the Paper},
  journal = {Journal Name},
  year = {2019},
  volume = {12},
  number = {3},
  pages = {123-134}
}


@phdthesis{akhmedov2023,
    author = {Akhmedov, Nurkhon},
    title = {Designing and prototyping a learning and testing platform for user experience (UX) and user interface (UI) designers with the aim of improving knowledge and establishing a standard evaluation benchmark for UX/UI design skills and competencies},
    school = {Technische Hochschule Ingolstadt},
    year = {2023},
    type = {Diss.},
}
@misc{pairedttest2025,
    author = {{Statistics Solutions}},
    title = {Paired Sample T-Test},
    howpublished = {\url{https://www.statisticssolutions.com/free-resources/directory-of-statistical-analyses/paired-sample-t-test/}},
    note = {Accessed: 2025-02-02}
}
@article{schober2018correlation,
  title={Correlation coefficients: appropriate use and interpretation},
  author={Schober, Patrick and Boer, Christa and Schwarte, Lothar A.},
  journal={Anesthesia \& Analgesia},
  volume={126},
  number={5},
  pages={1763--1768},
  year={2018}
}


